<?xml version="1.0" encoding="UTF-8"?>
<Error><Code>InternalError</Code><Message>We encountered an internal error. Please try again.</Message><RequestId>3AB88AB85CD326E5</RequestId><HostId>GFB0Q9edbMcQh38MT0eCrm9eTYmKj82jf1LOHIPaw0j9ZcbzXtJN+prdNrcEyhVg0lNHg1RJa+A=</HostId></Error>